<record><leader>00000cas a22000007a 4500</leader><controlfield tag="001">13739651</controlfield><controlfield tag="008">860617d18641867pauwr ne      0    0eng d</controlfield><datafield ind1=" " ind2=" " tag="010"><subfield code="a">sn 86053513 </subfield></datafield><datafield ind1=" " ind2=" " tag="040"><subfield code="a">NPX</subfield><subfield code="b">eng</subfield><subfield code="c">NPX</subfield><subfield code="d">NPH</subfield><subfield code="d">OCLCQ</subfield></datafield><datafield ind1=" " ind2=" " tag="042"><subfield code="a">msc</subfield></datafield><datafield ind1="0" ind2="4" tag="245"><subfield code="a">The Gettysburg star.</subfield></datafield><datafield ind1=" " ind2=" " tag="260"><subfield code="a">Gettysburg [Pa.] :</subfield><subfield code="b">John T. McIlhenny</subfield></datafield><datafield ind1=" " ind2=" " tag="300"><subfield code="a">v. :</subfield><subfield code="b">ill. ;</subfield><subfield code="c">66 cm.</subfield></datafield><datafield ind1=" " ind2=" " tag="310"><subfield code="a">Weekly</subfield></datafield><datafield ind1="1" ind2=" " tag="362"><subfield code="a">Began in 1864; ceased with May 29, 1867 issue.</subfield></datafield><datafield ind1=" " ind2=" " tag="500"><subfield code="a">Editor: John T. McIlhenny, &lt;1865&gt;.</subfield></datafield><datafield ind1=" " ind2=" " tag="588"><subfield code="a">Description based on: Vol. 35, no. 14 (June 16, 1864).</subfield></datafield><datafield ind1=" " ind2=" " tag="752"><subfield code="a">United States</subfield><subfield code="b">Pennsylvania</subfield><subfield code="c">Adams</subfield><subfield code="d">Gettysburg.</subfield></datafield><datafield ind1="0" ind2="0" tag="780"><subfield code="t">Star and banner</subfield><subfield code="w">(DLC)sn 85038381</subfield></datafield><datafield ind1="0" ind2="7" tag="785"><subfield code="t">Adams sentinel</subfield><subfield code="w">(DLC)sn 83032079</subfield></datafield><datafield ind1="0" ind2="7" tag="785"><subfield code="t">Star and sentinel (Gettysburg, Pa. : Weekly)</subfield><subfield code="w">(DLC)sn 83032076</subfield></datafield><datafield ind1="1" ind2=" " tag="029"><subfield code="a">AU@</subfield><subfield code="b">000025791106</subfield></datafield></record>